@Book{lamport:1994,
	ALTauthor = {Leslie Lamport},
	title = {\LaTeX: A Document Preparation System},
	publisher = {Addison-Wesley Professional},
	year = {1994},
	OPTmonth = {Julio},
}

@ARTICLE{DelaVegaReview2019,
  author = {{de la Vega}, Alfonso and {Garc{\'\i}a-Saiz}, Diego and
  {Zorrilla}, Marta and {S{\'a}nchez}, Pablo},
  title = "{How Far are we from Data Mining Democratisation? A Systematic Review}",
  journal = {arXiv e-prints},
  keywords = {Computer Science - Databases, 68T35, H.2.8},
  year = "2019",
  month = "Mar",
  eid = {arXiv:1903.08431},
  url = {https://arxiv.org/abs/1903.08431},
  archivePrefix = {arXiv},
  eprint = {1903.08431},
  primaryClass = {cs.DB},
  adsurl = {https://ui.adsabs.harvard.edu/\#abs/2019arXiv190308431D},
  adsnote = {Provided by the SAO/NASA Astrophysics Data System}
}

@Article{DelaVegaQUATIC2018,
  author    = {de la Vega, Alfonso and Sanchez, Pablo and Kolovos, Dimitris},
  title     = {{Pinset: A DSL for Extracting Datasets from Models for Data Mining-Based Quality Analysis}},
  journal   = {Quality of Information and Communications Technology (QUATIC)},
  year      = {2018},
  pages     = {83--91},
  doi = {10.1109/quatic.2018.00021},
  isbn      = {9781538658413},
  publisher = {IEEE},
}

@inproceedings{DelaVegaSLATE2015,
  author = {de la Vega, Alfonso and Garc{\'{i}}a-Saiz, Diego and Zorrilla, Marta and S{\'{a}}nchez, Pablo},
  booktitle = {Languages, Applications and Technologies},
  language = {English},
  doi = {10.1007/978-3-319-27653-3_8},
  pages = {79--90},
  title = {{Towards a DSL for Educational Data Mining}},
  year = {2015}
}

@Article{DelaVegaFLANDM2018,
  author    = {de la Vega, Alfonso and Garc{\'{i}}a-Saiz, Diego and Zorrilla, Marta and S{\'{a}}nchez, Pablo},
  title     = {{FLANDM: a development framework of domain-specific languages for data mining democratisation}},
  journal   = {Computer Languages, Systems and Structures},
  year      = {2018},
  doi = {10.1016/j.cl.2018.07.002},
  volume    = {54},
  pages     = {316--336},
  issn      = {14778424},
  keywords  = {Data mining,Data mining democratisation,Domain-specific languages,Model-driven software development},
  publisher = {Elsevier Ltd},
}

@Article{DelaVegaERFORUM2017,
  author   = {de la Vega, Alfonso and Garc{\'{i}}a-Saiz, Diego and Zorrilla, Marta and S{\'{a}}nchez, Pablo},
  title    = {{On the Automated Transformation of Domain Models into Tabular Datasets}},
  journal  = {ER FORUM},
  year     = {2017},
  volume   = {1979},
  issn     = {16130073},
  file     = {:home/fonso/Documents/MendeleyDesktop/de la Vega et al. - 2017 - On the Automated Transformation of Domain Models into Tabular Datasets.pdf:pdf},
  keywords = {Data Mining,Domain-Driven Design,Model-Driven Engineering,data mining,domain-driven design,model-driven engineering},
}

